% @book{binaryAnalysis,
%     title = {Practical Binary Analysis},
%     subtitle = {Build Your Own Linux Tools for Binary Instrumentation, Analysis, and Disassembly},
%     author = {Dennis Andriesse},
%     isbn = {978-1593279127},
%     % series = {International series of monographs on physics},
%     year = {2018},
%     publisher = {William Pollock},
%     keywords = {binary, elf, plt, got} % etc
% }
    % TODO: il faudrait pas mettre un titre plus précis que ça ? Genre dire que c'est pour les binaires linkés et compilés dynamiquement

@article{dispaset,
	author = {Quoilin, S. and Hidalgo Gonzalez, I. and Zucker, A.},
	title = {Modelling Future EU Power Systems Under High Shares of Renewables: the Dispa SET 2.1 open source model},
	journaltitle = {JRC TECHNICAL REPORTS},
	date = {2017},
}

@misc{GAMS,
	author = {GAMS Development Corporation},
	title = {General Algebraic Modeling System (GAMS) Release 24.5.6},
	date = {2015},
	OPTlocation = {Washington, DC, USA},
	url = {https://www.gams.com/},
}

@misc{kerastuner,
	title        = {KerasTuner},
	author       = {O'Malley, Tom and Bursztein, Elie and Long, James and Chollet, Fran\c{c}ois and Jin, Haifeng and Invernizzi, Luca and others},
	year         = {2019},
	howpublished = {\url{https://github.com/keras-team/keras-tuner}}
}

@article{scikit-learn,
	title={Scikit-learn: Machine Learning in {P}ython},
	author={Pedregosa, F. and Varoquaux, G. and Gramfort, A. and Michel, V.
	and Thirion, B. and Grisel, O. and Blondel, M. and Prettenhofer, P.
	and Weiss, R. and Dubourg, V. and Vanderplas, J. and Passos, A. and
	Cournapeau, D. and Brucher, M. and Perrot, M. and Duchesnay, E.},
	journal={Journal of Machine Learning Research},
	volume={12},
	pages={2825--2830},
	year={2011}
}

@online{elf-doc,
    author = "TIS Committee",
    title = "Tool Interface Standard (TIS) Executable and Linking Format (ELF) Specification",
    version = "1.2",
    url  = "https://refspecs.linuxbase.org/elf/elf.pdf",
    addendum = "(accessed: 08/05/2023)",
    keywords = "elf"
}